
@incollection{janatian2023text,
  title={From text to structure: Using large language models to support the development of legal expert systems},
  author={Janatian, Samyar and Westermann, Hannes and Tan, Jinzhe and Savelka, Jaromir and Benyekhlef, Karim},
  booktitle={Legal Knowledge and Information Systems},
  pages={167--176},
  year={2023},
  publisher={IOS Press}
}

@article{gutierrez2024hipporag,
  title={HippoRAG: Neurobiologically Inspired Long-Term Memory for Large Language Models},
  author={Guti{\'e}rrez, Bernal Jim{\'e}nez and Shu, Yiheng and Gu, Yu and Yasunaga, Michihiro and Su, Yu},
  journal={arXiv preprint arXiv:2405.14831},
  year={2024}
}

@article{libal2023legal,
  title={Legal linguistic templates and the tension between legal knowledge representation and reasoning},
  author={Libal, Tomer},
  journal={Frontiers in Artificial Intelligence},
  volume={6},
  pages={1136263},
  year={2023},
  publisher={Frontiers Media SA}
}
@misc{dong2024surveyincontextlearning,
      title={A Survey on In-context Learning}, 
      author={Qingxiu Dong and Lei Li and Damai Dai and Ce Zheng and Jingyuan Ma and Rui Li and Heming Xia and Jingjing Xu and Zhiyong Wu and Baobao Chang and Xu Sun and Lei Li and Zhifang Sui},
      year={2024},
      eprint={2301.00234},
      archivePrefix={arXiv},
      primaryClass={cs.CL},
      url={https://arxiv.org/abs/2301.00234}, 
}
@article{jason2022chain,
  author       = {Jason Wei and
                  Xuezhi Wang and
                  Dale Schuurmans and
                  Maarten Bosma and
                  Ed H. Chi and
                  Quoc Le and
                  Denny Zhou},
  title        = {Chain of Thought Prompting Elicits Reasoning in Large Language Models},
  journal      = {CoRR},
  volume       = {abs/2201.11903},
  year         = {2022},
  url          = {https://arxiv.org/abs/2201.11903},
  eprinttype    = {arXiv},
  eprint       = {2201.11903},
  timestamp    = {Fri, 22 Apr 2022 16:06:31 +0200},
  biburl       = {https://dblp.org/rec/journals/corr/abs-2201-11903.bib},
  bibsource    = {dblp computer science bibliography, https://dblp.org}
}

@article{alschner2021ai,
  title={AI and Legal Analytics},
  author={Alschner, Wolfgang},
  journal={Artificial Intelligence and the Law in Canada},
  year={2021}
}

@article{martin2019marketing,
  title={Marketing Automation for Lawyers},
  author={Martin, Thomas G},
  journal={Law Prac.},
  volume={45},
  pages={32},
  year={2019},
  publisher={HeinOnline}
}

@article{surden2021machine,
  title={Machine learning and law: An overview},
  author={Surden, Harry},
  journal={Research Handbook on Big Data Law},
  pages={171--184},
  year={2021},
  publisher={Edward Elgar Publishing}
}

@inproceedings{cooper2022accountability,
  title={Accountability in an algorithmic society: relationality, responsibility, and robustness in machine learning},
  author={Cooper, A Feder and Moss, Emanuel and Laufer, Benjamin and Nissenbaum, Helen},
  booktitle={Proceedings of the 2022 ACM Conference on Fairness, Accountability, and Transparency},
  pages={864--876},
  year={2022}
}
@article{vaswani2017attention,
  title={Attention is all you need},
  author={Vaswani, A},
  journal={Advances in Neural Information Processing Systems},
  year={2017}
}
